<collection xmlns="http://www.loc.gov/MARC21/slim">
<record>
  <leader>01028nam0a2200253 i 450 </leader>
  <controlfield tag="001">IT\ICCU\CNCE\064335</controlfield>
  <controlfield tag="005">20170515000000.0</controlfield>
  <datafield tag="012" ind1=" " ind2=" ">
    <subfield code="a">tedo tedo teo, o.el (C) 1516 (Q)</subfield>
    <subfield code="2">fei</subfield>
  </datafield>
  <datafield tag="100" ind1=" " ind2=" ">
    <subfield code="a">20060327f1516        0itac0103    ba</subfield>
  </datafield>
  <datafield tag="101" ind1=" " ind2=" ">
    <subfield code="a">ITA</subfield>
  </datafield>
  <datafield tag="102" ind1=" " ind2=" ">
    <subfield code="a">IT</subfield>
  </datafield>
  <datafield tag="200" ind1="1" ind2=" ">
    <subfield code="a">℗La ℗victoria &amp; adquisto del ducato di Urbino</subfield>
  </datafield>
  <datafield tag="210" ind1=" " ind2=" ">
    <subfield code="d">\1516?!</subfield>
    <subfield code="e">\Firenze!</subfield>
    <subfield code="g">fece stampare ser Zanobi della Barba</subfield>
  </datafield>
  <datafield tag="215" ind1=" " ind2=" ">
    <subfield code="a">\4! c.</subfield>
    <subfield code="d">8ʻ</subfield>
  </datafield>
  <datafield tag="300" ind1=" " ind2=" ">
    <subfield code="a">La data si ricava dagli eventi trattati</subfield>
  </datafield>
  <datafield tag="620" ind1=" " ind2=" ">
    <subfield code="a">IT</subfield>
    <subfield code="d">Firenze</subfield>
  </datafield>
  <datafield tag="712" ind1="0" ind2="0">
    <subfield code="a">Della_Barba, Zanobi</subfield>
    <subfield code="3">IT\ICCU\CNCT\000953</subfield>
    <subfield code="4">650</subfield>
  </datafield>
  <datafield tag="791" ind1="0" ind2="0">
    <subfield code="a">Dalla_Barba, Zanobi</subfield>
    <subfield code="3">IT\ICCU\CNCT\003655</subfield>
    <subfield code="z">Della_Barba, Zanobi</subfield>
  </datafield>
  <datafield tag="791" ind1="0" ind2="0">
    <subfield code="a">Barba, Zanobi della</subfield>
    <subfield code="3">IT\ICCU\CNCT\003751</subfield>
    <subfield code="z">Della_Barba, Zanobi</subfield>
  </datafield>
  <datafield tag="791" ind1="0" ind2="0">
    <subfield code="a">Barberino, Zanobi da</subfield>
    <subfield code="3">IT\ICCU\CNCT\004577</subfield>
    <subfield code="z">Della_Barba, Zanobi</subfield>
  </datafield>
  <datafield tag="791" ind1="0" ind2="0">
    <subfield code="a">Barba, Zenobio</subfield>
    <subfield code="3">IT\ICCU\CNCT\004578</subfield>
    <subfield code="z">Della_Barba, Zanobi</subfield>
  </datafield>
  <datafield tag="791" ind1="0" ind2="2">
    <subfield code="a">Zanobi da Barberino</subfield>
    <subfield code="3">IT\ICCU\CNCT\004579</subfield>
    <subfield code="z">Della_Barba, Zanobi</subfield>
  </datafield>
  <datafield tag="801" ind1=" " ind2="3">
    <subfield code="a">IT</subfield>
    <subfield code="b">ICCU</subfield>
    <subfield code="c">20201115</subfield>
  </datafield>
  <datafield tag="899" ind1=" " ind2=" ">
    <subfield code="a">Biblioteca Arcivescovile. Udine</subfield>
    <subfield code="1">UD0100</subfield>
    <subfield code="2">ZUD 11</subfield>
  </datafield>
</record>
</collection>
